@article{DBLP:journals/cj/FreyH97,
  title = {Efficient Stochastic Source Coding and an Application to a Bayesian Network Source Model},
  author = {Frey, Brendan J. and Hinton, Geoffrey E.},
  date = {1997},
  journaltitle = {Computer Journal},
  shortjournal = {Comput. J.},
  volume = {40},
  pages = {157--165},
  bibsource = {dblp computer science bibliography, https://dblp.org},
  biburl = {https://dblp.org/rec/journals/cj/FreyH97.bib},
  file = {/home/magda/Dropbox/ZoteroFiles/Frey_Hinton_1997_Efficient Stochastic Source Coding and an Application to a Bayesian Network.pdf},
  number = {2/3},
  timestamp = {Mon, 24 Nov 2003 15:02:29 +0100}
}






